@inproceedings{DSAsurvey,
  address = {Kinross Scotland (UK)},
  author = {Wilson, Paul R. and Johnstone, Mark S. and Neely, Michael and Boles, David},
  booktitle = {Proc.\ Int.\ Workshop on Memory Management},
  title = {Dynamic Storage Allocation: A Survey and Critical Review},
  year = {1995}
}

@article{drepper-memory,
  author = {Drepper, Ulrich},
  title = {What Every Programmer Should Know About Memory},
  year = {2007},
  url = {http://people.redhat.com/drepper/cpumemory.pdf}
}

@manual{glibc-man-malloc,
  title = {The GNU C Library Reference Manual},
  author = {Loosemore, Sandra and Stallman, Richard M. and McGrath, Roland and Oram, Andrew and Drepper, Ulrich},
  organization = {Free Software Foundation},
  edition = {0.12},
  month = {October},
  year = {2007},
  pages = {30-64}
}

@manual{glib-memalloc,
  title = {GLib Reference Manual - Memory Allocation},
  organization = {GNOME Project},
  url = {http://library.gnome.org/devel/glib/unstable/glib-Memory-Allocation.html}
}

@misc{tcmalloc,
  title = {TCMalloc: A Thread-Caching malloc},
  author = {Ghemawat, Sanjay and Menage, Paul}
}
